@misc{thestreet,
  author       = {The Street},
  title        = {NVIDIA History Timeline},
  year         = {2024},
  url          = {https://www.thestreet.com/technology/nvidia-company-history-timeline},
  note         = {Accessed December 2024}
}

@misc{fortune,
  author       = {Fortune},
  title        = {Elon Musk Jensen Huang},
  year         = {2024},
  url          = {https://fortune.com/2024/02/22/jensen-huang-elon-musk-openai-first-ai-supercomputer-sam-altman/},
  note         = {Accessed December 2024}
}


@misc{tsmc2024,
  author       = {TSMC},
  title        = {TSMC Technology Updates: 2014–2024},
  year         = {2024},
  url          = {https://www.tsmc.com},
  note         = {Accessed December 2024}
}

@misc{broadcom2024,
  author       = {Broadcom Inc.},
  title        = {Broadcom Product Announcements: 2014–2024},
  year         = {2024},
  url          = {https://www.broadcom.com},
  note         = {Accessed December 2024}
}

@misc{nvidia2024,
  author       = {NVIDIA Corporation},
  title        = {NVIDIA Product Announcements and Milestones},
  year         = {2024},
  url          = {https://www.nvidia.com},
  note         = {Accessed December 2024}
}

@misc{meta2024,
  author       = {Meta Platforms Inc.},
  title        = {Meta Announcements and Key Products: 2014–2024},
  year         = {2024},
  url          = {https://about.fb.com/news/},
  note         = {Accessed December 2024}
}

@misc{amazon2024,
  author       = {Amazon Inc.},
  title        = {Amazon Product Updates: 2014–2024},
  year         = {2024},
  url          = {https://www.aboutamazon.com/news/},
  note         = {Accessed December 2024}
}

@misc{alphabet2024,
  author       = {Alphabet Inc.},
  title        = {Google and Alphabet Announcements: 2014–2024},
  year         = {2024},
  url          = {https://blog.google/products/},
  note         = {Accessed December 2024}
}

@misc{apple2024,
  author       = {Apple Inc.},
  title        = {Apple Announcements and Product Releases: 2014–2024},
  year         = {2024},
  url          = {https://www.apple.com/newsroom/},
  note         = {Accessed December 2024}
}

@misc{microsoft2024,
  author       = {Microsoft},
  title        = {Microsoft Product Announcements and Updates: 2014–2024},
  year         = {2024},
  url          = {https://blogs.microsoft.com/},
  note         = {Accessed December 2024}
}

@misc{tencent2024,
  author       = {Tencent Holdings Ltd.},
  title        = {Tencent Product Announcements and Innovations: 2014–2024},
  year         = {2024},
  url          = {https://www.tencent.com/en-us/news.html},
  note         = {Accessed December 2024}
}
